@String { proc = {Proceedings of the } }
@String { ann = { Annual } }
@String { focs = {IEEE Symposium on Foundations of Computer Science} }
@String { stoc = {ACM Symposium on Theory of Computing} }
@String { soda = {ACM--SIAM Symposium on Discrete Algorithms} }
@String { ccc = {Computational Complexity Conference} }
@String { focs18 = proc # {59th} # ann # focs }
@String { focs19 = proc # {60th} # ann # focs }
@String { focs20 = proc # {61st} # ann # focs }
@String { focs21 = proc # {62nd} # ann # focs }
@String { focs22 = proc # {63rd} # ann # focs }
@String { stoc18 = proc # {50th} # ann # stoc }
@String { stoc19 = proc # {51st} # ann # stoc }
@String { stoc20 = proc # {52nd} # ann # stoc }
@String { stoc21 = proc # {53rd} # ann # stoc }
@String { stoc22 = proc # {54th} # ann # stoc }
@String { soda18 = proc #{29th} # ann # soda }
@String { soda19 = proc #{30th} # ann # soda }
@String { soda20 = proc #{31st} # ann # soda }
@String { soda21 = proc #{32nd} # ann # soda }
@String { soda22 = proc #{33rd} # ann # soda }
@String { ccc18 = proc #{33rd} # ann # ccc }
@String { ccc19 = proc #{34th} # ann # ccc }
@String { ccc20 = proc #{35th} # ann # ccc }
@String { ccc21 = proc #{36th} # ann # ccc }
@String { ccc22 = proc #{37th} # ann # ccc }

@book{AS16,
    AUTHOR = {Alon, Noga and Spencer, Joel},
     TITLE = {The Probabilistic Method},
    SERIES = {Wiley Series in Discrete Mathematics and Optimization},
   EDITION = {Fourth},
 PUBLISHER = {John Wiley \& Sons, Inc., Hoboken, NJ},
      YEAR = {2016},
     PAGES = {xiv+375},
      ISBN = {978-1-119-06195-3},
}

@article{ER60,
    AUTHOR = {Erd\H{o}s, Paul and R\'{e}nyi, Alfr\'{e}d},
    TITLE = {On the evolution of random graphs},
    JOURNAL = {A Magyar Tudom\'{a}nyos Akad\'{e}mia. Matematikai Kutat\'{o} Int\'{e}zet\'{e}nek K\"{o}zlem\'{e}nyei},
    VOLUME = {5},
    NUMBER = {1},
    YEAR = {1960},
    PAGES = {17--61},
}

@inproceedings{JHS21,
  title={Indistinguishability {O}bfuscation from well-founded assumptions},
  author={Jain, Aayush and Lin, Huijia and Sahai, Amit},
  booktitle=stoc21,
  pages={60--73},
  year={2021}
}

@misc{Per02,
      title={The entropy formula for the {R}icci flow and its geometric applications}, 
      author={Grisha Perelman},
      year={2002},
      eprint={math/0211159},
      archivePrefix={arXiv},
      primaryClass={math.DG}
}

@phdthesis{Wil07,
    title = {Algorithms and resource requirements for fundamental problems},
    author = {Ryan Williams},
    school = {Carnegie Mellon University}, 
    year = {2007},
}
